@book{jet,
	author = {\noop{Rolls}{Rolls Royce. \textit{The Jet Engine}. Rolls Royce Technical Publicat, 1996}},
}